@ebook{mukhanov,
	author = {Viatcheslav Mukhanov},
	title = {Physical Foundations of cosmology},
	year = {2005},
	mouth = {Dec.},
	publisher = {Cambridge University Press},
}

@ebook{dodelson,
	author = {Scott Dodelson and Fabian Schmidt},
	title = {Modern Cosmology},
	year = {2021},
	publisher = {ELSEVIER},
}

@article{large-scale-structure,
	title={Cosmological constraints from a joint analysis of cosmic
	microwave background and spectroscopic tracers of the
	large-scale structure},
	publisher={arXiv:1706.04583v2},
	author={Cyrille Doux and Mariana Penna-Lima and Sandro Dias Pinto Vitenti and Julien Tr√©guer and Eric Aubourg and Ken Ganga},
	year={2018},
	month={Aug.}
}